@string{cvpr = "IEEE Conference on Computer Vision and Pattern Recognition (CVPR)"}
@string{eccv = "European Conference on Computer Vision (ECCV)"}
@string{eccv_workshops = "European Conference on Computer Vision (ECCV) Workshops"}
@string{iccv = "IEEE International Conference on Computer Vision (ICCV)"}
@string{iccv_workshops = "IEEE International Conference on Computer Vision (ICCV) Workshops"}
@string{ic3dv = "International Conference on 3D Vision (3DV)"}
@string{ijcv = "International Journal of Computer Vision (IJCV)"}
@string{bmvc = "British Machine Vision Conference (BMVC)"}
@string{pami = "IEEE Transactions on Pattern Analysis and Machine Intelligence (PAMI)"}
@string{tip = "IEEE Transactions on Image Processing (TIP)"}
@string{dagm = "German Association for Pattern Recognition (DAGM)"}
@string{ismar = "IEEE International Symposium on Mixed and Augmented Reality (ISMAR)"}
@string{comm_acm = "Communications of the ACM (CACM)"}
@string{siggraph = "ACM Transactions on Graphics (TOG), Proceedings of SIGGRAPH"}
@string{wacv = "IEEE Winter Conference on Applications of Computer Vision (WACV)"}
@string{vldb = "Proceedings of the International Conference on Very Large Data Bases (VLDB)"}
@string{nips = "Advances in Neural Information Processing Systems (NIPS)"}

@inproceedings{CVPR_kinect,
 author = {Shotton, J. and Fitzgibbon, A. and Cook, M. and Sharp, T. and Finocchio, M. and Moore, R. and Kipman, A. and Blake, A.},
 title = {{Real-Time Human Pose Recognition in Parts from Single Depth Images}},
 booktitle = cvpr,
 year = {2011},
}

@inproceedings{View_interpolation1993,
 author = {Chen, Shenchang Eric and Williams, Lance},
 title = {View interpolation for image synthesis},
 booktitle = {Proceedings of the 20th annual conference on Computer graphics and interactive techniques},
 year = {1993}
}

@inproceedings{ CombinedDepthOutlier,
author = {C. Strecha and R. Fransens and L. V. Gool},
title = {Combined Depth and Outlier Estimation in Multi-View Stereo},
booktitle = cvpr,
year = {2006}
}

@inproceedings{Goesele07,
author = {M. Goesele and N. Snavely and B. Curless and H. Hoppe and S. M. Seitz},
title = {Multi-View Stereo for Community Photo Collections},    
booktitle= iccv,
year = {2007}
}

@InProceedings{patchMatchParallel,
author = {C. Bailer and M. Finckh and H. P. A. Lensch},
title = {Scale Robust Multi View Stereo},
booktitle = eccv,
year = {2012}
}

@InProceedings{patchMatchStereo1,
author = {M. Bleyer and C. Rhemann and C. Rother},
title = {PatchMatch Stereo - Stereo Matching with Slanted Support Windows},
booktitle = bmvc,
year = {2011}
}

@inproceedings{WuVSFM,
  author = {Changchang Wu},
  title = {{Towards Linear-Time Incremental Structure from Motion}},
  booktitle = ic3dv,
  year = 2013
}

@Inproceedings{Shen_TIP2013,
author = {S. Shen},
title = {Accurate Multiple View 3D Reconstruction Using Patch-Based Stereo for Large-Scale Scenes},
booktitle = tip,
year = {2013}
}

@inproceedings{Neal98aview,
    author = {Radford Neal and Geoffrey E. Hinton},
    title = {A View Of The {EM} Algorithm That Justifies Incremental, Sparse, And Other Variants},
    booktitle = {Learning in Graphical Models},
    year = {1998},
}

@Book{BishopBook,
author = {Christopher M. Bishop},
title = {Pattern Recognition and Machine Learning},
publisher = {Springer-Verlag New York, Inc},
year = {2006},
address = {NJ, USA}
}

@Inproceedings{ Strecha_BayesModelCVPR2004,
author = {Christoph Strecha and Rik Fransens and Luc Van Gool},
title = {Wide-baseline stereo from multiple views: a probabilistic account},
booktitle = cvpr,
year = {2004}
}

@Inproceedings{Sun_ECCV2002_stereoBeliefProp,
author = {J. Sun and H.-Y. Shum and N.-N. Zheng},
title = {Stereo Matching Using Belief Propagation},
booktitle = eccv,
year = {2002}
}

@Inproceedings{ Sun_CVPR2005_stereo,
author = {J. Sun and Y. Li and S. B. Kang and H.-Y. Shum},
title = {Symmetric Stereo Matching for Occlusion Handling},
booktitle = cvpr,
year = {2005}
}

@inproceedings{LeastCommitment_3DIMPVT2012,
author = {X. Hu and P. Mordohai},
title = {Least Commitment, Viewpoint-based, Multi-view Stereo},
booktitle = {3DIMPVT},
year = {2012}
}

@inproceedings{FURUKAWA_PAMI2010,
author = {Y. Furukawa and J. Ponce},
title = {Accurate, dense, and robust multiview stereopsis},
booktitle = pami,
year = {2010}
}

@inproceedings{Zaharescu_PAMI2011,
author = {A. Zaharescu and E. Boyer and R. P. Horaud},
title = {Topologyadaptive mesh deformation for surface evolution, morphing, and multi-view reconstruction},
booktitle = pami,
year = {2011}
}

@article{TYL,
author = {R. Tylecek and R. Sara },
title = {Refinement of surface mesh for accurate multi-view reconstruction},
journal = {International Journal of VR},
year = {2010}
}

@inproceedings{JAN,
author = {M. Jancosek and T. Pajdla},
title = {Robust, accurate and weaklysupported-surfaces preserving multi-view reconstruction},
booktitle = cvpr,
year = {2011}
}

@inproceedings{Strecha08,
author={C. Strecha and W. von Hansen and L. Van Gool and P. Fua and U. Thoennessen},
title={On benchmarking camera calibration and multi-view stereo for high resolution imagery},
booktitle= cvpr,
year={2008},
}

@inproceedings{Gallup07,
author={D. Gallup and J.-M. Frahm and P. Mordohai and Q. Yang and M. Pollefeys},
title={Real-Time Plane-Sweeping Stereo with Multiple Sweeping Directions},
booktitle= cvpr,
year={2007},
}

@inproceedings{handle_occlusion2001,
author = {S. Kang and R. Szeliski and J. Chai},
title = {Handling occlusions in dense multi-view stereo},
booktitle = cvpr,
year = {2001}
}

@inproceedings{skyDetection,
 title = {Geometric Context from a Single Image},
 author = {Derek Hoiem, Alexei A. Efros, Martial Hebert},
 booktitle = iccv,
 year = 2005 
}

@ARTICLE{Frahm2010,
  author = {J.M. Frahm and P.F. Georgel and D. Gallup and T. Johnson and R. Raguram	and C. Wu and Y.H. Jen and E. Dunn and B. Clipp and S. Lazebnik and
	M. Pollefeys},
  title = {Building Rome on a cloudless day},
  journal = eccv,
  year = {2010}
}

@inproceedings{Park_ECCV2010,
  author = {Hyun Soo Park and Takaaki Shiratori and Iain Matthews and Yaser Sheikh},
  title = {3D Reconstruction of a Moving Point from a Series of 2D Projections},
  booktitle = eccv,
  year = {2010}
}

@inproceedings{Valmadre_CVPR2012,
  author = {J. Valmadre and S. Lucey},
  title = {General trajectory prior for Non-Rigid reconstruction},
  booktitle = cvpr,
  year = {2012}
}

@inproceedings{Basha_ECCV2012,
   author = {Tali Basha and Yael Moses and Shai Avidan},
   title = {Photo Sequencing},
   booktitle = eccv,
   year = {2012}
}

@inproceedings{Basha_ICCV2013,
   author = {Tali Basha and Yael Moses and Shai Avidan},
   title = {Space-Time Tradeoffs in Photo Sequencing},
   booktitle = iccv,
   year = {2013}
}


@inproceedings{ZhuCL_CVPR11,
  author = {Y. Zhu and M. Cox and S. Lucey},
  title = {3D Motion Reconstruction for Real-World Camera Motion},
  booktitle = cvpr,
  year = {2011}
}


@ARTICLE{zhao2003face,
  author = {W. Zhao and R. Chellappa and P. J. Phillips and A. Rosenfeld},
  title = {Face Recognition: a Literature Survey},
  journal = {Acm Computing Surveys (CSUR)},
  year = {2003}
}

@ARTICLE{MyungLT_95,
  author = {Y. Myung and C. Lee and D. Tcha},
  title = {On the generalized minimum spanning tree problem},
  journal = {Networks},
  year = {1995},
}


@ARTICLE{Ferreira_ESWA2012,
  author = {C. S. Ferreira and L. S. Ochi and V. Parada and
	E. Uchoa},
  title = {A GRASP-based Approach To The Generalized Minimum Spanning Tree Problem},  
  journal = {Expert Systems with Applications},
  year = {2012}
}

@ARTICLE{Oncan_CL08,
  author = {T. Oncan and J. Cordeau and L. Gilbert},
  title = {a Tabu Search Heuristic for The Generalized Minimum Spanning Tree Problem},
  journal = {European Journal of Operational Research},
  year = {2008}
}

@ARTICLE{Dror_EJOR,
  author = {Dror, Moshe and Haouari, Mohamed and Chaouachi, J},
  title = {Generalized spanning trees},
  journal = {European Journal of Operational Research},
  year = {2000}
}

@inproceedings{Zhang2006Local,
  author = {J. Zhang and M. Marszalek and S. Lazebnik and C. Schmid},
  title = {Local Features and Kernels for Classification of Texture and Object
	Categories: A Comprehensive Study},
  booktitle = cvpr,
  year = {2006}
}

@inproceedings{Dalal2005HOG,
  author = {N. Dalal and B. Triggs},
  title = {Histograms of oriented gradients for human detection},
  booktitle = cvpr,
  year = {2005}
}

@ARTICLE{lsvm-pami,
  author = {P. F. Felzenszwalb and R. B. Girshick and D. McAllester and D. Ramanan},
  title = {Object Detection with Discriminatively Trained Part Based Models},
  journal = {PAMI},
  year = {2010}
}

@misc{wiki_cayley_alg,
   author = {Wikipedia},
   title = {{Cayley's formula}},
   howpublished = {http://en.wikipedia.org/wiki/Cayley's\_formula},
   year = 2014
}

@ARTICLE{Blanz2003face,
  author = {Blanz, V. and Vetter, T.},
  title = {Face recognition based on fitting a 3D morphable model},
  journal = {PAMI},
  year = {2003}
}

@ARTICLE{jones2003fast,
  author = {M. Jones and P. Viola},
  title = {Fast multi-view face detection},
  journal = {Mitsubishi Electric Research Lab TR-20003-96},
  year = {2003}
}

@inproceedings{Xiangxin_CVPR12,
  author = {X. Zhu and D. Ramanan},
  title = {Face Detection, Pose Estimation, and Landmark Localization in the
	Wild},
  booktitle = cvpr,
  year = {2012}
}

@MISC{voc-release5,
  author = {R. B. Girshick and P. F. Felzenszwalb and D. McAllester},
  title = {Discriminatively Trained Deformable Part Models, Release 5},
  howpublished = {\url{http://people.cs.uchicago.edu/~rbg/latent-release5/}},
  year = 2012
}

@inproceedings{Gu20063D,
  author = {L. Gu and T. Kanade},
  title = {3D Alignment of Face in a Single Image},
  booktitle = cvpr,
  year = {2006}
}

@ARTICLE{jain2010fddb,
  author = {V. Jain and E. G. Learned-Miller},
  title = {Fddb: a benchmark for face detection in unconstrained settings},
  journal = {UMass Amherst Technical Report},
  year = {2010}
}

%%%%%%%%%%%%%%%%%%%%%%%%%%%%%%%%%%%%%%%%%%%%%%%%%%%%%%%%%%%

@inproceedings{zheng2014patchmatch,
  title={Patchmatch based joint view selection and depthmap estimation},
  author={E. Zheng and E. Dunn and V. Jojic and J. Frahm},
  booktitle={CVPR},
  year={2014}
}

@article{Snavely2,
author = {N. Snavely and S. Seitz and R. Szeliski},
title = {{Photo tourism: Exploring photo collections in 3D}},
journal = {ACM Transactions on Graphics},
year = 2006
}

@article{Heinly,
author = {J. Heinly and J. Sch\"{o}nberger and E. Dunn and J.-M. Frahm},
title = {{Reconstructing the World* in Six Days *(As Captured by the Yahoo 100 Million Image Dataset)}},
journal = {CVPR},
year = 2015
}

@incollection{zheng2014joint,
  title={{Joint Object Class Sequencing and Trajectory Triangulation (JOST)}},
  author={E. Zheng and K. Wang and E. Dunn and J. Frahm},
  booktitle={ECCV},
  year={2014}
}

@ARTICLE{Tomasi_IJCV92,
  author = {T. Carlo and K. Takeo},
  title = {Shape and motion from image streams under orthography: a factorization method},
  journal = {IJCV},
  year = {1992}
}

@incollection{hartley2008perspective,
  title={Perspective nonrigid shape and motion recovery},
  author={R. Hartley and R. Vidal},
  booktitle={ECCV},
  year={2008}
}

@article{dai2014simple,
  title={A simple prior-free method for non-rigid structure-from-motion factorization},
  author={Dai, Yuchao and Li, Hongdong and He, Mingyi},
  journal={International Journal of Computer Vision},
  volume={107},
  number={2},
  pages={101--122},
  year={2014},
  publisher={Springer}
}

@article{aharon2006img,
  title={{SVD}: An Algorithm for Designing Overcomplete Dictionaries for Sparse Representation},
  author={M. Aharon and M. Elad and A. Bruckstein},
  journal={Signal Processing, IEEE Transactions on},
  year={2006}  
}

@article{elad2006image,
  title={Image denoising via sparse and redundant representations over learned dictionaries},
  author={M. Elad and M. Aharon},
  journal={Image Processing, IEEE Transactions on},
  year={2006}
}

@inproceedings{elhamifar2009sparse,
  title={Sparse subspace clustering},
  author={E. Elhamifar and R. Vidal},
  booktitle={CVPR},
  year={2009},
}

@article{bach2012optimization,
  title={Optimization with sparsity-inducing penalties},
  author={F. Bach and R. Jenatton and J. Mairal and G. Obozinski},
  journal={Foundations and Trends{\textregistered} in Machine Learning},
  year={2012}
}

@inproceedings{chen:hal-00995911,
       title = {{Fast and Robust Archetypal Analysis for Representation Learning}},
       author = {Y. Chen and J. Mairal and Z. Harchaoui},
       booktitle = {CVPR},
       year = {2014}
}

@techreport{cg-2007-2,
   author = {M. M\"{u}ller and T. R\"{o}der and M. Clausen and B. Eberhardt and B. Kr\"{u}ger and A. Weber},
   title = {Documentation Mocap Database HDM05},
   number = {CG-2007-2},
   year = {2007},
   month = {June},
   institution = {Universit\"{a}t Bonn},
   ISSN = {1610-8892}
}

@misc{cvx,
  author       = {Michael Grant and Stephen Boyd},
  title        = {{CVX}: Matlab Software for Disciplined Convex Programming, version 2.1},
  howpublished = {\url{http://cvxr.com/cvx}},
  month        = mar,
  year         = 2014
}

@article{boyd2011distributed,
  title={Distributed optimization and statistical learning via the alternating direction method of multipliers},
  author={Boyd, Stephen and Parikh, Neal and Chu, Eric and Peleato, Borja and Eckstein, Jonathan},
  journal={Foundations and Trends{\textregistered} in Machine Learning},
  volume={3},
  number={1},
  pages={1--122},
  year={2011},
  publisher={Now Publishers Inc.}
}

@article{park20153d,
  title={3D Trajectory Reconstruction under Perspective Projection},
  author={Park, Hyun Soo and Shiratori, Takaaki and Matthews, Iain and Sheikh, Yaser},
  journal={IJCV}, 
  year={2015}
}

@INPROCEEDINGS{Akhter_NIPS08,
  author = {A. Ijaz and S. Yaser and K. Sohaib and K. Takeo},
  title = {Nonrigid Structure from Motion in Trajectory Space},
  booktitle = {NIPS},
  year = {2008}
}

@article{torresani2008nonrigid,
  title={Nonrigid structure-from-motion: Estimating shape and motion with hierarchical priors},
  author={Torresani, Lorenzo and Hertzmann, Aaron and Bregler, Christoph},
  journal={Pattern Analysis and Machine Intelligence, IEEE Transactions on},
  volume={30},
  number={5},
  pages={878--892},
  year={2008},
  publisher={IEEE}
}

@inproceedings{paladini2009factorization,
  title={Factorization for non-rigid and articulated structure using metric projections},
  author={Paladini, Marco and Del Bue, Alessio and Stosic, Marko and Dodig, Marija and Xavier, Joao and Agapito, Leobelle},
  booktitle={Computer Vision and Pattern Recognition, 2009. CVPR 2009. IEEE Conference on},
  pages={2898--2905},
  year={2009}
}

@inproceedings{ballan2010unstructured,
  title={Unstructured video-based rendering: Interactive exploration of casually captured videos},
  author={L. Ballan and G. Brostow and J. Puwein and M. Pollefeys},
  booktitle={ACM Transactions on Graphics (TOG)},
  year={2010}
}

%%%%%%%%%%%%%%%%%%%%%%%%%%%%%%%%%%%%%%%%%%%%%%%%%%%%%%%%%%%%%%%%%%%%%%%%%%%%%%%%%%%%%%%%%%%%%%%
@Book{Hartley2004, 
    author = "Hartley, R.~I. and Zisserman, A.",
    title = "Multiple View Geometry in Computer Vision",
    edition = "Second",
    year = "2004",
    publisher = "Cambridge University Press, ISBN: 0521540518"
}

@inproceedings{conf/cvpr/SturmM99,
  title = {On Plane-Based Camera Calibration: A General Algorithm, Singularities, Applications.},
  author = {Sturm, Peter F. and Maybank, Stephen J.},
  booktitle = {CVPR},  
  year = 1999
}

@article{zhang2000flexible,
  title={A flexible new technique for camera calibration},
  author={Zhang, Zhengyou},
  journal={Pattern Analysis and Machine Intelligence, IEEE Transactions on},
  volume={22},
  number={11},
  pages={1330--1334},
  year={2000},
  publisher={IEEE}
}

@misc{caltoolbox,  
  author = {Jean-Yves Bouguet},  
  title = {Matlab Camera Calibration Toolbox},
  howpublished = {\url{http://www.vision.caltech.edu/bouguetj/calib\_doc/}},
  year = 2000
}